@book{allen2010introduction,
    author = {Allen, Linda JS},
    publisher = {CRC press},
    title = {An introduction to stochastic processes with applications to biology},
    year = {2010}
}

@article{ballani2013projection,
    author = {Ballani, Jonas and Grasedyck, Lars},
    journal = {Numerical linear algebra with applications},
    number = {1},
    pages = {27--43},
    publisher = {Wiley Online Library},
    title = {A projection method to solve linear systems in tensor format},
    volume = {20},
    year = {2013}
}

@article{basir2022investigating,
    author = {Basir, Shamsulhaq},
    journal = {arXiv preprint arXiv:2209.09988},
    title = {Investigating and Mitigating Failure Modes in Physics-informed Neural Networks (PINNs)},
    year = {2022}
}

@article{berezin1987conservative,
    author = {Berezin, Yu A and Khudick, VN and Pekker, MS},
    journal = {Journal of Computational Physics},
    number = {1},
    pages = {163--174},
    publisher = {Elsevier},
    title = {Conservative finite-difference schemes for the Fokker-Planck equation not violating the law of an increasing entropy},
    volume = {69},
    year = {1987}
}

@article{blechschmidt2021three,
    author = {Blechschmidt, Jan and Ernst, Oliver G},
    journal = {GAMM-Mitteilungen},
    number = {2},
    pages = {e202100006},
    publisher = {Wiley Online Library},
    title = {Three ways to solve partial differential equations with neural networksâ€”A review},
    volume = {44},
    year = {2021}
}

@article{bogachev2021uniqueness,
    author = {Bogachev, Vladimir Igorevich and Krasovitskii, Tikhon Il'ich and Shaposhnikov, Stanislav Valer'evich},
    journal = {Sbornik: Mathematics},
    number = {6},
    pages = {745},
    publisher = {IOP Publishing},
    title = {On uniqueness of probability solutions of the Fokker-Planck-Kolmogorov equation},
    volume = {212},
    year = {2021}
}

@book{bogachev2022fokker,
    author = {Bogachev, Vladimir I and Krylov, Nicolai V and R{\"o}ckner, Michael and Shaposhnikov, Stanislav V},
    publisher = {American Mathematical Society},
    title = {Fokker--Planck--Kolmogorov Equations},
    volume = {207},
    year = {2022}
}

@phdthesis{bosler2013particle,
    author = {Bosler, Peter A},
    school = {University of Michigan},
    title = {Particle methods for geophysical flow on the sphere},
    year = {2013}
}

@book{brezis2011functional,
    author = {Brezis, Haim and Br{\'e}zis, Haim},
    number_ = {3},
    publisher = {Springer},
    title = {Functional analysis, Sobolev spaces and partial differential equations},
    volume = {2},
    year = {2011}
}

@article{bris2008existence,
    author = {Bris, C Le and Lions, P-L},
    journal = {Communications in Partial Differential Equations},
    number = {7},
    pages = {1272--1317},
    publisher = {Taylor \& Francis},
    title = {Existence and uniqueness of solutions to Fokker--Planck type equations with irregular coefficients},
    volume = {33},
    year = {2008}
}

@article{browning2020identifiability,
    author = {Browning, Alexander P and Warne, David J and Burrage, Kevin and Baker, Ruth E and Simpson, Matthew J},
    journal = {Journal of the Royal Society Interface},
    number = {173},
    pages = {20200652},
    publisher = {The Royal Society},
    title = {Identifiability analysis for stochastic differential equation models in systems biology},
    volume = {17},
    year = {2020}
}

@book{buduma2022fundamentals,
    author = {Buduma, Nithin and Buduma, Nikhil and Papa, Joe},
    publisher = {" O'Reilly Media, Inc."},
    title = {Fundamentals of deep learning},
    year = {2022}
}

@article{carrassi2022data,
    author = {Carrassi, Alberto and Bocquet, Marc and Demaeyer, Jonathan and Grudzien, Colin and Raanes, Patrick and Vannitsem, St{\'e}phane},
    journal = {Data Assimilation for Atmospheric, Oceanic and Hydrologic Applications (Vol. IV)},
    pages = {1--42},
    publisher = {Springer},
    title = {Data assimilation for chaotic dynamics},
    year = {2022}
}

@article{cavalheiro2008weighted,
    author = {Cavalheiro, Albo Carlos},
    journal = {Boletim da Sociedade Paranaense de Matem{\'a}tica},
    number = {1-2},
    pages = {117--132},
    title = {Weighted Sobolev spaces and degenerate elliptic equations},
    volume = {26},
    year = {2008}
}

@article{chen2018efficient,
    author = {Chen, Nan and Majda, Andrew J},
    journal = {Journal of Computational Physics},
    pages = {242--268},
    publisher = {Elsevier},
    title = {Efficient statistically accurate algorithms for the Fokker--Planck equation in large dimensions},
    volume = {354},
    year = {2018}
}

@article{chow2014almost,
    author = {Chow, Pao-Liu and Khasminskii, Rafail},
    journal = {Stochastic Processes and their Applications},
    number = {1},
    pages = {639--645},
    publisher = {Elsevier},
    title = {Almost sure explosion of solutions to stochastic differential equations},
    volume = {124},
    year = {2014}
}

@article{cioica2022deep,
    author = {Cioica-Licht, Petru A and Hutzenthaler, Martin and Werner, P Tobias},
    journal = {arXiv preprint arXiv:2205.14398},
    title = {Deep neural networks overcome the curse of dimensionality in the numerical approximation of semilinear partial differential equations},
    year = {2022}
}

@article{cui2015particle,
    author = {Cui, Shumo and Kurganov, Alexander and Medovikov, Alexei},
    journal = {Applied Numerical Mathematics},
    pages = {123--139},
    publisher = {Elsevier},
    title = {Particle methods for PDEs arising in financial modeling},
    volume = {93},
    year = {2015}
}

@article{datta2020survey,
    author = {Datta, Leonid},
    journal = {arXiv preprint arXiv:2004.06632},
    title = {A survey on activation functions and their relation with xavier and he normal initialization},
    year = {2020}
}

@article{de2021approximation,
    author = {De Ryck, Tim and Lanthaler, Samuel and Mishra, Siddhartha},
    journal = {Neural Networks},
    pages = {732--750},
    publisher = {Elsevier},
    title = {On the approximation of functions by tanh neural networks},
    volume = {143},
    year = {2021}
}

@article{de2022error,
    author = {De Ryck, Tim and Mishra, Siddhartha},
    journal = {Advances in Computational Mathematics},
    number = {6},
    pages = {79},
    title = {Error analysis for physics-informed neural networks ({PINN}s) approximating Kolmogorov {PDE}s},
    volume = {48},
    year = {2022}
}

@book{del2004feynman,
    author = {Del Moral, Pierre and Del Moral, Pierre},
    publisher = {Springer},
    title = {Feynman-kac formulae},
    year = {2004}
}

@book{delong2013backward,
    author = {Delong, {\L}ukasz},
    publisher = {Springer},
    title = {Backward stochastic differential equations with jumps and their actuarial and financial applications},
    year = {2013}
}

@article{doucet2009tutorial,
    author = {Doucet, Arnaud and Johansen, Adam M and others},
    journal = {Handbook of nonlinear filtering},
    number = {656-704},
    pages = {3},
    title = {A tutorial on particle filtering and smoothing: Fifteen years later},
    volume = {12},
    year = {2009}
}

@unpublished{dynamicfp2024,
    author = {Mandal, Pinak and Apte, Amit},
    note = {in preparation},
    title = {Solving {F}okker-{P}lanck equations with an application in nonlinear filtering}
}

@article{feller1954diffusion,
    author = {Feller, William},
    journal = {Transactions of the American Mathematical Society},
    number = {1},
    pages = {1--31},
    title = {Diffusion processes in one dimension},
    volume = {77},
    year = {1954}
}

@article{fu2010stochastic,
    author = {Fu, Zongfei and Li, Zenghu},
    journal = {Stochastic Processes and their Applications},
    number = {3},
    pages = {306--330},
    publisher = {Elsevier},
    title = {Stochastic equations of non-negative processes with jumps},
    volume = {120},
    year = {2010}
}

@article{gao2020flow,
    author = {Gao, Christina and Isaacson, Joshua and Krause, Claudius},
    journal = {Machine Learning: Science and Technology},
    number = {4},
    pages = {045023},
    publisher = {IOP Publishing},
    title = {i-flow: High-dimensional Integration and Sampling with Normalizing Flows},
    volume = {1},
    year = {2020}
}

@book{gardiner2009stochastic,
    author = {Gardiner, Crispin},
    publisher = {Springer Berlin},
    title = {Stochastic methods},
    volume = {4},
    year = {2009}
}

@inproceedings{glorot2010understanding,
    author = {Glorot, Xavier and Bengio, Yoshua},
    booktitle = {Proceedings of the thirteenth international conference on artificial intelligence and statistics},
    organization = {JMLR Workshop and Conference Proceedings},
    pages = {249--256},
    title = {Understanding the difficulty of training deep feedforward neural networks},
    year = {2010}
}

@book{gobet2016monte,
    author = {Gobet, Emmanuel},
    publisher = {CRC Press},
    title = {Monte-Carlo methods and stochastic processes: from linear to non-linear},
    year = {2016}
}

@inproceedings{Hackbusch2005HierarchicalKT,
    author = {Wolfgang Hackbusch and Boris N. Khoromskij and Eugene E. Tyrtyshnikov},
    booktitle = {J. Num. Math.},
    title = {Hierarchical Kronecker tensor-product approximations},
    year = {2005}
}

@article{han2017overcoming,
    author = {Han, Jiequn and Jentzen, Arnulf and Weinan, E},
    journal = {arXiv preprint arXiv:1707.02568},
    pages = {1--13},
    publisher = {Working Paper},
    title = {Overcoming the curse of dimensionality: Solving high-dimensional partial differential equations using deep learning},
    year = {2017}
}

@article{han2018solving,
    author = {Han, Jiequn and Jentzen, Arnulf and E, Weinan},
    journal = {Proceedings of the National Academy of Sciences},
    number = {34},
    pages = {8505--8510},
    publisher = {National Acad Sciences},
    title = {Solving high-dimensional partial differential equations using deep learning},
    volume = {115},
    year = {2018}
}

@article{hasselmann1976stochastic,
    author = {Hasselmann, Klaus},
    journal = {tellus},
    number = {6},
    pages = {473--485},
    publisher = {Taylor \& Francis},
    title = {Stochastic climate models part I. Theory},
    volume = {28},
    year = {1976}
}

@book{heinonen2018nonlinear,
    author = {Heinonen, Juha and Kipelainen, Tero and Martio, Olli},
    publisher = {Courier Dover Publications},
    title = {Nonlinear potential theory of degenerate elliptic equations},
    year = {2018}
}

@article{hinrichs2014curse,
    author = {Hinrichs, Aicke and Novak, Erich and Ullrich, Mario and Wo{\'z}niakowski, H},
    journal = {Mathematics of Computation},
    number = {290},
    pages = {2853--2863},
    title = {The curse of dimensionality for numerical integration of smooth functions},
    volume = {83},
    year = {2014}
}

@misc{holstermann2023expressive,
    archiveprefix = {arXiv},
    author = {Jan Holstermann},
    eprint = {2306.00145},
    primaryclass = {math.CA},
    title = {On the Expressive Power of Neural Networks},
    year = {2023}
}

@article{huang2015steady,
    author = {Huang, Wen and Ji, Min and Liu, Zhenxin and Yi, Yingfei},
    journal = {Journal of Dynamics and Differential Equations},
    pages = {721--742},
    publisher = {Springer},
    title = {Steady states of Fokker--Planck equations: I. existence},
    volume = {27},
    year = {2015}
}

@article{hutzenthaler2021multilevel,
    author = {Hutzenthaler, Martin and Jentzen, Arnulf and Kruse, Thomas and others},
    journal = {Partial Differential Equations and Applications},
    number = {6},
    pages = {1--31},
    publisher = {Springer},
    title = {Multilevel Picard iterations for solving smooth semilinear parabolic heat equations},
    volume = {2},
    year = {2021}
}

@book{ikeda2014stochastic,
    author = {Ikeda, Nobuyuki and Watanabe, Shinzo},
    publisher = {Elsevier},
    title = {Stochastic differential equations and diffusion processes},
    year = {2014}
}

@article{ivanov1980method,
    author = {Ivanov, MF and Shvets, VF},
    journal = {Zhurnal Vychislitelnoi Matematiki i Matematicheskoi Fiziki},
    pages = {682--690},
    title = {Method of stochastic differential equations for calculating the kinetics of a collision plasma},
    volume = {20},
    year = {1980}
}

@book{jefferies2013evolution,
    author = {Jefferies, Brian},
    publisher = {Springer Science \& Business Media},
    title = {Evolution processes and the Feynman-Kac formula},
    volume = {353},
    year = {2013}
}

@misc{jonsson2022exponent,
    author = {Jonsson, Jakob},
    title = {Exponent Sets and Muckenhoupt Ap-weights},
    year = {2022}
}

@article{kakutani1944131,
    author = {Kakutani, Shizuo},
    journal = {Proceedings of the Imperial Academy},
    number = {9},
    pages = {648--652},
    publisher = {The Japan Academy},
    title = {131. On Brownian Motions in n-Space},
    volume = {20},
    year = {1944}
}

@article{kakutani1944143,
    author = {Kakutani, Shizuo},
    journal = {Proceedings of the Imperial Academy},
    number = {10},
    pages = {706--714},
    publisher = {The Japan Academy},
    title = {143. Two-dimensional Brownian Motion and Harmonic Functions},
    volume = {20},
    year = {1944}
}

@book{karatzas1991brownian,
    author = {Karatzas, Ioannis and Karatzas, Ioannis and Shreve, Steven and Shreve, Steven E},
    publisher = {Springer Science \& Business Media},
    title = {Brownian motion and stochastic calculus},
    volume = {113},
    year = {1991}
}

@article{karoui1997non,
    author = {KARoUI, N EL and Quenez, MC},
    journal = {Financial mathematics},
    pages = {191--246},
    publisher = {Springer},
    title = {Non-linear pricing theory and backward stochastic differential equations},
    year = {1997}
}

@inproceedings{kidger2020universal,
    author = {Kidger, Patrick and Lyons, Terry},
    booktitle = {Conference on learning theory},
    organization = {PMLR},
    pages = {2306--2327},
    title = {Universal approximation with deep narrow networks},
    year = {2020}
}

@article{kilpelainen1994weighted,
    author = {Kilpel{\"a}inen, Tero},
    journal = {Ann. Acad. Sci. Fenn. Ser. AI Math},
    number = {1},
    pages = {95--113},
    title = {Weighted Sobolev spaces and capacity},
    volume = {19},
    year = {1994}
}

@article{kingma2014adam,
    author = {Kingma, Diederik P and Ba, Jimmy},
    journal = {arXiv preprint arXiv:1412.6980},
    title = {Adam: A method for stochastic optimization},
    year = {2014}
}

@book{kloeden1992stochastic,
    author = {Kloeden, Peter E and Platen, Eckhard and Kloeden, Peter E and Platen, Eckhard},
    publisher = {Springer},
    title = {Stochastic differential equations},
    year = {1992}
}

@article{kolda2009tensor,
    author = {Kolda, Tamara G and Bader, Brett W},
    journal = {SIAM review},
    number = {3},
    pages = {455--500},
    publisher = {SIAM},
    title = {Tensor decompositions and applications},
    volume = {51},
    year = {2009}
}

@inproceedings{kontorovich2009non,
    author = {Kontorovich, V and Lovtchikova, Z},
    booktitle = {2009 2nd International Workshop on Nonlinear Dynamics and Synchronization},
    organization = {IEEE},
    pages = {221--227},
    title = {Non linear filtering algorithms for chaotic signals: A comparative study},
    year = {2009}
}

@article{kovachki2021universal,
    author = {Kovachki, Nikola and Lanthaler, Samuel and Mishra, Siddhartha},
    journal = {The Journal of Machine Learning Research},
    number = {1},
    pages = {13237--13312},
    publisher = {JMLRORG},
    title = {On universal approximation and error bounds for fourier neural operators},
    volume = {22},
    year = {2021}
}

@article{kressner2010krylov,
    author = {Kressner, Daniel and Tobler, Christine},
    journal = {SIAM journal on matrix analysis and applications},
    number = {4},
    pages = {1688--1714},
    publisher = {SIAM},
    title = {Krylov subspace methods for linear systems with tensor product structure},
    volume = {31},
    year = {2010}
}

@article{krishnapriyan2021characterizing,
    author = {Krishnapriyan, Aditi and Gholami, Amir and Zhe, Shandian and Kirby, Robert and Mahoney, Michael W},
    journal = {Advances in Neural Information Processing Systems},
    pages = {26548--26560},
    title = {Characterizing possible failure modes in physics-informed neural networks},
    volume = {34},
    year = {2021}
}

@article{kumar2006solution,
    author = {Kumar, Pankaj and Narayanan, S},
    journal = {Sadhana},
    number = {4},
    pages = {445--461},
    publisher = {Springer},
    title = {Solution of Fokker-Planck equation by finite element and finite difference methods for nonlinear systems},
    volume = {31},
    year = {2006}
}

@article{lelievre2016partial,
    author = {Lelievre, Tony and Stoltz, Gabriel},
    journal = {Acta Numerica},
    pages = {681--880},
    publisher = {Cambridge University Press},
    title = {Partial differential equations and stochastic methods in molecular dynamics},
    volume = {25},
    year = {2016}
}

@book{leobacher2014introduction,
    author = {Leobacher, Gunther and Pillichshammer, Friedrich},
    publisher = {Springer},
    title = {Introduction to quasi-Monte Carlo integration and applications},
    year = {2014}
}

@article{li2011lack,
    author = {Li, Xue-Mei and Scheutzow, Michael},
    title = {Lack of strong completeness for stochastic flows},
    year = {2011}
}

@inproceedings{li2011strong,
    author = {Li, Zenghu and Mytnik, Leonid},
    booktitle = {Annales de l'IHP Probabilit{\'e}s et statistiques},
    number = {4},
    pages = {1055--1067},
    title = {Strong solutions for stochastic differential equations with jumps},
    volume = {47},
    year = {2011}
}

@article{lorenz1963deterministic,
    author = {Lorenz, Edward N},
    journal = {Journal of atmospheric sciences},
    number = {2},
    pages = {130--141},
    title = {Deterministic nonperiodic flow},
    volume = {20},
    year = {1963}
}

@article{lu2017expressive,
    author = {Lu, Zhou and Pu, Hongming and Wang, Feicheng and Hu, Zhiqiang and Wang, Liwei},
    journal = {Advances in neural information processing systems},
    title = {The expressive power of neural networks: A view from the width},
    volume = {30},
    year = {2017}
}

@article{lu2020universal,
    author = {Lu, Yulong and Lu, Jianfeng},
    journal = {Advances in neural information processing systems},
    pages = {3094--3105},
    title = {A universal approximation theorem of deep neural networks for expressing probability distributions},
    volume = {33},
    year = {2020}
}

@article{mahan2021nonclosedness,
    author = {Mahan, Scott and King, Emily J and Cloninger, Alex},
    journal = {Neural Networks},
    pages = {85--96},
    publisher = {Elsevier},
    title = {Nonclosedness of sets of neural networks in Sobolev spaces},
    volume = {137},
    year = {2021}
}

@misc{mandal2023learning,
    archiveprefix = {arXiv},
    author = {Pinak Mandal and Amit Apte},
    eprint = {2306.07068},
    primaryclass = {math.AP},
    title = {Learning zeros of Fokker-Planck operators},
    year = {2023}
}

@article{martins1994estimating,
    author = {Martins, Emilia P},
    journal = {The American Naturalist},
    number = {2},
    pages = {193--209},
    publisher = {University of Chicago Press},
    title = {Estimating the rate of phenotypic evolution from comparative data},
    volume = {144},
    year = {1994}
}

@article{masud2005application,
    author = {Masud, Arif and Bergman, Lawrence A},
    journal = {Computer Methods in Applied Mechanics and Engineering},
    number = {12-16},
    pages = {1513--1526},
    publisher = {Elsevier},
    title = {Application of multi-scale finite element methods to the solution of the Fokker--Planck equation},
    volume = {194},
    year = {2005}
}

@article{mishra2022estimates,
    author = {Mishra, Siddhartha and Molinaro, Roberto},
    journal = {{IMA} Journal of Numerical Analysis},
    number = {2},
    pages = {981--1022},
    title = {Estimates on the generalization error of physics-informed neural networks for approximating a class of inverse problems for {PDE}s},
    volume = {42},
    year = {2022}
}

@article{muller1956some,
    author = {Muller, Mervin E},
    journal = {The Annals of Mathematical Statistics},
    pages = {569--589},
    publisher = {JSTOR},
    title = {Some continuous Monte Carlo methods for the Dirichlet problem},
    year = {1956}
}

@article{naprstek2014finite,
    author = {N{\'a}prstek, Ji{\v{r}}{\'\i} and Kr{\'a}l, Radomil},
    journal = {Advances in Engineering Software},
    pages = {28--38},
    publisher = {Elsevier},
    title = {Finite element method analysis of Fokker--Plank equation in stationary and evolutionary versions},
    volume = {72},
    year = {2014}
}

@book{oksendal2003stochastic,
    author = {{\O}ksendal, Bernt and {\O}ksendal, Bernt},
    publisher = {Springer},
    title = {Stochastic differential equations},
    year = {2003}
}

@inproceedings{ornstein1919brownian,
    author = {Ornstein, LS},
    booktitle = {Proc. Amst},
    organization = {sn},
    pages = {96--108},
    title = {On the Brownian motion},
    volume = {21},
    year = {1919}
}

@article{ott1981strange,
    author = {Ott, Edward},
    journal = {Reviews of Modern Physics},
    number = {4},
    pages = {655},
    publisher = {APS},
    title = {Strange attractors and chaotic motions of dynamical systems},
    volume = {53},
    year = {1981}
}

@article{papamakarios2019neural,
    author = {Papamakarios, George},
    journal = {arXiv preprint arXiv:1910.13233},
    title = {Neural density estimation and likelihood-free inference},
    year = {2019}
}

@article{pchelintsev2022regularity,
    author = {Pchelintsev, Valerii and Ukhlov, Alexander},
    journal = {arXiv preprint arXiv:2207.07541},
    title = {On regularity of weighted Sobolev homeomorphisms},
    year = {2022}
}

@book{peddie2023history,
    author = {Peddie, Jon},
    publisher = {Springer Nature},
    title = {The History of the GPU-New Developments},
    year = {2023}
}

@article{pham2015feynman,
    author = {Pham, Huyen},
    journal = {Acta Mathematica Vietnamica},
    pages = {255--269},
    publisher = {Springer},
    title = {Feynman-Kac representation of fully nonlinear PDEs and applications},
    volume = {40},
    year = {2015}
}

@incollection{pichler2013numerical,
    author = {Pichler, Lukas and Masud, Arif and Bergman, Lawrence A},
    booktitle = {Computational Methods in Stochastic Dynamics},
    pages = {69--85},
    publisher = {Springer},
    title = {Numerical solution of the Fokker--Planck equation by finite difference and finite element methodsâ€”a comparative study},
    year = {2013}
}

@article{pinkus1999approximation,
    author = {Pinkus, Allan},
    journal = {Acta numerica},
    pages = {143--195},
    publisher = {Cambridge University Press},
    title = {Approximation theory of the MLP model in neural networks},
    volume = {8},
    year = {1999}
}

@article{raghu2016survey,
    author = {Raghu, Maithra and Poole, Ben and Kleinberg, Jon and Ganguli, Surya and Sohl-Dickstein, Jascha},
    journal = {arXiv preprint arXiv:1611.08083},
    title = {Survey of expressivity in deep neural networks},
    year = {2016}
}

@inproceedings{raghu2017expressive,
    author = {Raghu, Maithra and Poole, Ben and Kleinberg, Jon and Ganguli, Surya and Sohl-Dickstein, Jascha},
    booktitle = {international conference on machine learning},
    organization = {PMLR},
    pages = {2847--2854},
    title = {On the expressive power of deep neural networks},
    year = {2017}
}

@article{raissi2019physics,
    author = {Raissi, Maziar and Perdikaris, Paris and Karniadakis, George E},
    journal = {Journal of Computational physics},
    pages = {686--707},
    publisher = {Elsevier},
    title = {Physics-informed neural networks: A deep learning framework for solving forward and inverse problems involving nonlinear partial differential equations},
    volume = {378},
    year = {2019}
}

@article{ranocha2019mimetic,
    author = {Ranocha, Hendrik},
    journal = {BIT Numerical Mathematics},
    number = {2},
    pages = {547--563},
    publisher = {Springer},
    title = {Mimetic properties of difference operators: product and chain rules as for functions of bounded variation and entropy stability of second derivatives},
    volume = {59},
    year = {2019}
}

@book{risken1996fokker,
    author = {Risken, Hannes and Risken, Hannes},
    publisher = {Springer},
    title = {Fokker-planck equation},
    year = {1996}
}

@book{sarkka2023bayesian,
    author = {S{\"a}rkk{\"a}, Simo and Svensson, Lennart},
    publisher = {Cambridge university press},
    title = {Bayesian filtering and smoothing},
    volume = {17},
    year = {2023}
}

@article{sawhney2023walk,
    author = {Sawhney, Rohan and Miller, Bailey and Gkioulekas, Ioannis and Crane, Keenan},
    journal = {arXiv preprint arXiv:2302.11815},
    title = {Walk on Stars: A Grid-Free Monte Carlo Method for PDEs with Neumann Boundary Conditions},
    year = {2023}
}

@inproceedings{schafer2006recurrent,
    author = {Sch{\"a}fer, Anton Maximilian and Zimmermann, Hans Georg},
    booktitle = {Artificial Neural Networks--ICANN 2006: 16th International Conference, Athens, Greece, September 10-14, 2006. Proceedings, Part I 16},
    organization = {Springer},
    pages = {632--640},
    title = {Recurrent neural networks are universal approximators},
    year = {2006}
}

@article{sepehrian2015numerical,
    author = {Sepehrian, Behnam and Radpoor, Marzieh Karimi},
    journal = {Applied mathematics and computation},
    pages = {187--190},
    publisher = {Elsevier},
    title = {Numerical solution of non-linear Fokker--Planck equation using finite differences method and the cubic spline functions},
    volume = {262},
    year = {2015}
}

@article{sherstinsky2020fundamentals,
    author = {Sherstinsky, Alex},
    journal = {Physica D: Nonlinear Phenomena},
    pages = {132306},
    publisher = {Elsevier},
    title = {Fundamentals of recurrent neural network (RNN) and long short-term memory (LSTM) network},
    volume = {404},
    year = {2020}
}

@article{sirignano2018dgm,
    author = {Sirignano, Justin and Spiliopoulos, Konstantinos},
    journal = {Journal of computational physics},
    pages = {1339--1364},
    publisher = {Elsevier},
    title = {DGM: A deep learning algorithm for solving partial differential equations},
    volume = {375},
    year = {2018}
}

@article{strauss2017hitch,
    author = {Strauss, R and Effenberger, Frederic},
    journal = {Space Science Reviews},
    number = {1},
    pages = {151--192},
    publisher = {Springer},
    title = {A hitch-hikerâ€™s guide to stochastic differential equations},
    volume = {212},
    year = {2017}
}

@article{sun2014numerical,
    author = {Sun, Yifei and Kumar, Mrinal},
    journal = {Computers \& Mathematics with Applications},
    number = {10},
    pages = {1960--1977},
    publisher = {Elsevier},
    title = {Numerical solution of high dimensional stationary Fokker--Planck equations via tensor decomposition and Chebyshev spectral differentiation},
    volume = {67},
    year = {2014}
}

@article{thomas1999deterministic,
    author = {Thomas, Ren{\'e}},
    journal = {International Journal of Bifurcation and Chaos},
    number = {10},
    pages = {1889--1905},
    publisher = {World Scientific},
    title = {Deterministic chaos seen in terms of feedback circuits: Analysis, synthesis," labyrinth chaos"},
    volume = {9},
    year = {1999}
}

@book{torchinsky1986real,
    author = {Torchinsky, Alberto},
    publisher = {Academic Press},
    title = {Real-variable methods in harmonic analysis},
    year = {1986}
}

@article{uria2013rnade,
    author = {Uria, Benigno and Murray, Iain and Larochelle, Hugo},
    journal = {Advances in Neural Information Processing Systems},
    title = {RNADE: The real-valued neural autoregressive density-estimator},
    volume = {26},
    year = {2013}
}

@article{vasicek1977equilibrium,
    author = {Vasicek, Oldrich},
    journal = {Journal of financial economics},
    number = {2},
    pages = {177--188},
    publisher = {Elsevier},
    title = {An equilibrium characterization of the term structure},
    volume = {5},
    year = {1977}
}

@article{vennerod2021long,
    author = {Venner{\o}d, Christian Bakke and Kj{\ae}rran, Adrian and Bugge, Erling Stray},
    journal = {arXiv preprint arXiv:2105.06756},
    title = {Long short-term memory RNN},
    year = {2021}
}

@article{whitney1970finite,
    author = {Whitney, James C},
    journal = {Journal of Computational Physics},
    number = {3},
    pages = {483--509},
    publisher = {Elsevier},
    title = {Finite difference methods for the Fokker-Planck equation},
    volume = {6},
    year = {1970}
}

@article{xi2019jump,
    author = {Xi, Fubao and Zhu, Chao},
    journal = {Journal of Differential Equations},
    number = {8},
    pages = {4668--4711},
    publisher = {Elsevier},
    title = {Jump type stochastic differential equations with non-Lipschitz coefficients: non-confluence, Feller and strong Feller properties, and exponential ergodicity},
    volume = {266},
    year = {2019}
}

@article{xu2020solving,
    author = {Xu, Yong and Zhang, Hao and Li, Yongge and Zhou, Kuang and Liu, Qi and Kurths, J{\"u}rgen},
    journal = {Chaos: An Interdisciplinary Journal of Nonlinear Science},
    number = {1},
    pages = {013133},
    publisher = {AIP Publishing LLC},
    title = {Solving Fokker-Planck equation using deep learning},
    volume = {30},
    year = {2020}
}

@article{yamada1971uniqueness,
    author = {Yamada, Toshio and Watanabe, Shinzo},
    journal = {Journal of Mathematics of Kyoto University},
    number = {1},
    pages = {155--167},
    publisher = {Duke University Press},
    title = {On the uniqueness of solutions of stochastic differential equations},
    volume = {11},
    year = {1971}
}

@article{yeong2020particle,
    author = {Yeong, Hoong C and Beeson, Ryne T and Namachchivaya, N and Perkowski, Nicolas},
    journal = {Journal of Nonlinear Science},
    number = {4},
    pages = {1519--1552},
    publisher = {Springer},
    title = {Particle filters with nudging in multiscale chaotic systems: With application to the Lorenzâ€™96 atmospheric model},
    volume = {30},
    year = {2020}
}

@book{yong1999stochastic,
    author = {Yong, Jiongmin and Zhou, Xun Yu},
    publisher = {Springer Science \& Business Media},
    title = {Stochastic controls: Hamiltonian systems and HJB equations},
    volume = {43},
    year = {1999}
}

@inproceedings{zhai2022deep,
    author = {Zhai, Jiayu and Dobson, Matthew and Li, Yao},
    booktitle = {Mathematical and Scientific Machine Learning},
    organization = {PMLR},
    pages = {568--597},
    title = {A deep learning method for solving Fokker-Planck equations},
    year = {2022}
}
