@book{allen2010introduction,
  title={An introduction to stochastic processes with applications to biology},
  author={Allen, Linda JS},
  year={2010},
  publisher={CRC press}
}


@article{ballani2013projection,
  title={A projection method to solve linear systems in tensor format},
  author={Ballani, Jonas and Grasedyck, Lars},
  journal={Numerical linear algebra with applications},
  volume={20},
  number={1},
  pages={27--43},
  year={2013},
  publisher={Wiley Online Library}
}
@article{basir2022investigating,
  title={Investigating and Mitigating Failure Modes in Physics-informed Neural Networks (PINNs)},
  author={Basir, Shamsulhaq},
  journal={arXiv preprint arXiv:2209.09988},
  year={2022}
}

@article{berezin1987conservative,
  title={Conservative finite-difference schemes for the Fokker-Planck equation not violating the law of an increasing entropy},
  author={Berezin, Yu A and Khudick, VN and Pekker, MS},
  journal={Journal of Computational Physics},
  volume={69},
  number={1},
  pages={163--174},
  year={1987},
  publisher={Elsevier}
}


@article{blechschmidt2021three,
  title={Three ways to solve partial differential equations with neural networksâ€”A review},
  author={Blechschmidt, Jan and Ernst, Oliver G},
  journal={GAMM-Mitteilungen},
  volume={44},
  number={2},
  pages={e202100006},
  year={2021},
  publisher={Wiley Online Library}
}
@book{brezis2011functional,
  title={Functional analysis, Sobolev spaces and partial differential equations},
  author={Brezis, Haim and Br{\'e}zis, Haim},
  volume={2},
  number_={3},
  year={2011},
  publisher={Springer}
}

@article{browning2020identifiability,
  title={Identifiability analysis for stochastic differential equation models in systems biology},
  author={Browning, Alexander P and Warne, David J and Burrage, Kevin and Baker, Ruth E and Simpson, Matthew J},
  journal={Journal of the Royal Society Interface},
  volume={17},
  number={173},
  pages={20200652},
  year={2020},
  publisher={The Royal Society}
}


@book{buduma2022fundamentals,
  title={Fundamentals of deep learning},
  author={Buduma, Nithin and Buduma, Nikhil and Papa, Joe},
  year={2022},
  publisher={" O'Reilly Media, Inc."}
}
@article{carrassi2022data,
  title={Data assimilation for chaotic dynamics},
  author={Carrassi, Alberto and Bocquet, Marc and Demaeyer, Jonathan and Grudzien, Colin and Raanes, Patrick and Vannitsem, St{\'e}phane},
  journal={Data Assimilation for Atmospheric, Oceanic and Hydrologic Applications (Vol. IV)},
  pages={1--42},
  year={2022},
  publisher={Springer}
}
@article{cavalheiro2008weighted,
  title={Weighted Sobolev spaces and degenerate elliptic equations},
  author={Cavalheiro, Albo Carlos},
  journal={Boletim da Sociedade Paranaense de Matem{\'a}tica},
  volume={26},
  number={1-2},
  pages={117--132},
  year={2008}
}
@article{chen2018efficient,
  title={Efficient statistically accurate algorithms for the Fokker--Planck equation in large dimensions},
  author={Chen, Nan and Majda, Andrew J},
  journal={Journal of Computational Physics},
  volume={354},
  pages={242--268},
  year={2018},
  publisher={Elsevier}
}
@article{cioica2022deep,
  title={Deep neural networks overcome the curse of dimensionality in the numerical approximation of semilinear partial differential equations},
  author={Cioica-Licht, Petru A and Hutzenthaler, Martin and Werner, P Tobias},
  journal={arXiv preprint arXiv:2205.14398},
  year={2022}
}
@article{datta2020survey,
  title={A survey on activation functions and their relation with xavier and he normal initialization},
  author={Datta, Leonid},
  journal={arXiv preprint arXiv:2004.06632},
  year={2020}
}
@article{de2021approximation,
  title={On the approximation of functions by tanh neural networks},
  author={De Ryck, Tim and Lanthaler, Samuel and Mishra, Siddhartha},
  journal={Neural Networks},
  volume={143},
  pages={732--750},
  year={2021},
  publisher={Elsevier}
}

@book{delong2013backward,
  title={Backward stochastic differential equations with jumps and their actuarial and financial applications},
  author={Delong, {\L}ukasz},
  year={2013},
  publisher={Springer}
}

@article{de2022error,
  title={Error analysis for physics-informed neural networks ({PINN}s) approximating Kolmogorov {PDE}s},
  author={De Ryck, Tim and Mishra, Siddhartha},
  journal={Advances in Computational Mathematics},
  volume={48},
  number={6},
  pages={79},
  year={2022},
}

@book{gardiner2009stochastic,
  title={Stochastic methods},
  author={Gardiner, Crispin},
  volume={4},
  year={2009},
  publisher={Springer Berlin}
}

@article{gao2020flow,
  title={i-flow: High-dimensional Integration and Sampling with Normalizing Flows},
  author={Gao, Christina and Isaacson, Joshua and Krause, Claudius},
  journal={Machine Learning: Science and Technology},
  volume={1},
  number={4},
  pages={045023},
  year={2020},
  publisher={IOP Publishing}
}
@inproceedings{glorot2010understanding,
  title={Understanding the difficulty of training deep feedforward neural networks},
  author={Glorot, Xavier and Bengio, Yoshua},
  booktitle={Proceedings of the thirteenth international conference on artificial intelligence and statistics},
  pages={249--256},
  year={2010},
  organization={JMLR Workshop and Conference Proceedings}
}

@inproceedings{Hackbusch2005HierarchicalKT,
  title={Hierarchical Kronecker tensor-product approximations},
  author={Wolfgang Hackbusch and Boris N. Khoromskij and Eugene E. Tyrtyshnikov},
  booktitle={J. Num. Math.},
  year={2005}
}


@article{han2017overcoming,
  title={Overcoming the curse of dimensionality: Solving high-dimensional partial differential equations using deep learning},
  author={Han, Jiequn and Jentzen, Arnulf and Weinan, E},
  journal={arXiv preprint arXiv:1707.02568},
  pages={1--13},
  year={2017},
  publisher={Working Paper}
}


@article{han2018solving,
  title={Solving high-dimensional partial differential equations using deep learning},
  author={Han, Jiequn and Jentzen, Arnulf and E, Weinan},
  journal={Proceedings of the National Academy of Sciences},
  volume={115},
  number={34},
  pages={8505--8510},
  year={2018},
  publisher={National Acad Sciences}
}


@article{hasselmann1976stochastic,
  title={Stochastic climate models part I. Theory},
  author={Hasselmann, Klaus},
  journal={tellus},
  volume={28},
  number={6},
  pages={473--485},
  year={1976},
  publisher={Taylor \& Francis}
}

@book{heinonen2018nonlinear,
  title={Nonlinear potential theory of degenerate elliptic equations},
  author={Heinonen, Juha and Kipelainen, Tero and Martio, Olli},
  year={2018},
  publisher={Courier Dover Publications}
}
@article{hinrichs2014curse,
  title={The curse of dimensionality for numerical integration of smooth functions},
  author={Hinrichs, Aicke and Novak, Erich and Ullrich, Mario and Wo{\'z}niakowski, H},
  journal={Mathematics of Computation},
  volume={83},
  number={290},
  pages={2853--2863},
  year={2014}
}
@misc{holstermann2023expressive,
    title={On the Expressive Power of Neural Networks},
    author={Jan Holstermann},
    year={2023},
    eprint={2306.00145},
    archivePrefix={arXiv},
    primaryClass={math.CA}
}
@article{huang2015steady,
  title={Steady states of Fokker--Planck equations: I. existence},
  author={Huang, Wen and Ji, Min and Liu, Zhenxin and Yi, Yingfei},
  journal={Journal of Dynamics and Differential Equations},
  volume={27},
  pages={721--742},
  year={2015},
  publisher={Springer}
}

@article{ivanov1980method,
  title={Method of stochastic differential equations for calculating the kinetics of a collision plasma},
  author={Ivanov, MF and Shvets, VF},
  journal={Zhurnal Vychislitelnoi Matematiki i Matematicheskoi Fiziki},
  volume={20},
  pages={682--690},
  year={1980}
}

@misc{jonsson2022exponent,
  title={Exponent Sets and Muckenhoupt Ap-weights},
  author={Jonsson, Jakob},
  year={2022}
}




@article{karoui1997non,
  title={Non-linear pricing theory and backward stochastic differential equations},
  author={KARoUI, N EL and Quenez, MC},
  journal={Financial mathematics},
  pages={191--246},
  year={1997},
  publisher={Springer}
}
@inproceedings{kidger2020universal,
  title={Universal approximation with deep narrow networks},
  author={Kidger, Patrick and Lyons, Terry},
  booktitle={Conference on learning theory},
  pages={2306--2327},
  year={2020},
  organization={PMLR}
}
@article{kilpelainen1994weighted,
  title={Weighted Sobolev spaces and capacity},
  author={Kilpel{\"a}inen, Tero},
  journal={Ann. Acad. Sci. Fenn. Ser. AI Math},
  volume={19},
  number={1},
  pages={95--113},
  year={1994}
}


@article{kingma2014adam,
  title={Adam: A method for stochastic optimization},
  author={Kingma, Diederik P and Ba, Jimmy},
  journal={arXiv preprint arXiv:1412.6980},
  year={2014}
}
@book{kloeden1992stochastic,
  title={Stochastic differential equations},
  author={Kloeden, Peter E and Platen, Eckhard and Kloeden, Peter E and Platen, Eckhard},
  year={1992},
  publisher={Springer}
}
@inproceedings{kontorovich2009non,
  title={Non linear filtering algorithms for chaotic signals: A comparative study},
  author={Kontorovich, V and Lovtchikova, Z},
  booktitle={2009 2nd International Workshop on Nonlinear Dynamics and Synchronization},
  pages={221--227},
  year={2009},
  organization={IEEE}
}





@article{kolda2009tensor,
  title={Tensor decompositions and applications},
  author={Kolda, Tamara G and Bader, Brett W},
  journal={SIAM review},
  volume={51},
  number={3},
  pages={455--500},
  year={2009},
  publisher={SIAM}
}

@article{kovachki2021universal,
  title={On universal approximation and error bounds for fourier neural operators},
  author={Kovachki, Nikola and Lanthaler, Samuel and Mishra, Siddhartha},
  journal={The Journal of Machine Learning Research},
  volume={22},
  number={1},
  pages={13237--13312},
  year={2021},
  publisher={JMLRORG}
}
@article{kressner2010krylov,
  title={Krylov subspace methods for linear systems with tensor product structure},
  author={Kressner, Daniel and Tobler, Christine},
  journal={SIAM journal on matrix analysis and applications},
  volume={31},
  number={4},
  pages={1688--1714},
  year={2010},
  publisher={SIAM}
}
@article{krishnapriyan2021characterizing,
  title={Characterizing possible failure modes in physics-informed neural networks},
  author={Krishnapriyan, Aditi and Gholami, Amir and Zhe, Shandian and Kirby, Robert and Mahoney, Michael W},
  journal={Advances in Neural Information Processing Systems},
  volume={34},
  pages={26548--26560},
  year={2021}
}
@article{kumar2006solution,
  title={Solution of Fokker-Planck equation by finite element and finite difference methods for nonlinear systems},
  author={Kumar, Pankaj and Narayanan, S},
  journal={Sadhana},
  volume={31},
  number={4},
  pages={445--461},
  year={2006},
  publisher={Springer}
}



@article{lelievre2016partial,
  title={Partial differential equations and stochastic methods in molecular dynamics},
  author={Lelievre, Tony and Stoltz, Gabriel},
  journal={Acta Numerica},
  volume={25},
  pages={681--880},
  year={2016},
  publisher={Cambridge University Press}
}
@book{leobacher2014introduction,
  title={Introduction to quasi-Monte Carlo integration and applications},
  author={Leobacher, Gunther and Pillichshammer, Friedrich},
  year={2014},
  publisher={Springer}
}

@article{lorenz1963deterministic,
  title={Deterministic nonperiodic flow},
  author={Lorenz, Edward N},
  journal={Journal of atmospheric sciences},
  volume={20},
  number={2},
  pages={130--141},
  year={1963}
}
@article{lu2017expressive,
  title={The expressive power of neural networks: A view from the width},
  author={Lu, Zhou and Pu, Hongming and Wang, Feicheng and Hu, Zhiqiang and Wang, Liwei},
  journal={Advances in neural information processing systems},
  volume={30},
  year={2017}
}


@article{lu2020universal,
  title={A universal approximation theorem of deep neural networks for expressing probability distributions},
  author={Lu, Yulong and Lu, Jianfeng},
  journal={Advances in neural information processing systems},
  volume={33},
  pages={3094--3105},
  year={2020}
}
@article{mahan2021nonclosedness,
  title={Nonclosedness of sets of neural networks in Sobolev spaces},
  author={Mahan, Scott and King, Emily J and Cloninger, Alex},
  journal={Neural Networks},
  volume={137},
  pages={85--96},
  year={2021},
  publisher={Elsevier}
}

@unpublished{dynamicfp2024,
    author = {Mandal, Pinak and Apte, Amit},
    title = {Solving {F}okker-{P}lanck equations with an application in nonlinear filtering},
    note = {in preparation}
}

@article{martins1994estimating,
  title={Estimating the rate of phenotypic evolution from comparative data},
  author={Martins, Emilia P},
  journal={The American Naturalist},
  volume={144},
  number={2},
  pages={193--209},
  year={1994},
  publisher={University of Chicago Press}
}

@article{masud2005application,
  title={Application of multi-scale finite element methods to the solution of the Fokker--Planck equation},
  author={Masud, Arif and Bergman, Lawrence A},
  journal={Computer Methods in Applied Mechanics and Engineering},
  volume={194},
  number={12-16},
  pages={1513--1526},
  year={2005},
  publisher={Elsevier}
}

@article{mishra2022estimates,
  title={Estimates on the generalization error of physics-informed neural networks for approximating a class of inverse problems for {PDE}s},
  author={Mishra, Siddhartha and Molinaro, Roberto},
  journal={{IMA} Journal of Numerical Analysis},
  volume={42},
  number={2},
  pages={981--1022},
  year={2022},
}

@article{naprstek2014finite,
  title={Finite element method analysis of Fokker--Plank equation in stationary and evolutionary versions},
  author={N{\'a}prstek, Ji{\v{r}}{\'\i} and Kr{\'a}l, Radomil},
  journal={Advances in Engineering Software},
  volume={72},
  pages={28--38},
  year={2014},
  publisher={Elsevier}
}
@book{oksendal2003stochastic,
  title={Stochastic differential equations},
  author={{\O}ksendal, Bernt and {\O}ksendal, Bernt},
  year={2003},
  publisher={Springer}
}

@inproceedings{ornstein1919brownian,
  title={On the Brownian motion},
  author={Ornstein, LS},
  booktitle={Proc. Amst},
  volume={21},
  pages={96--108},
  year={1919},
  organization={sn}
}
@article{ott1981strange,
  title={Strange attractors and chaotic motions of dynamical systems},
  author={Ott, Edward},
  journal={Reviews of Modern Physics},
  volume={53},
  number={4},
  pages={655},
  year={1981},
  publisher={APS}
}

@article{papamakarios2019neural,
  title={Neural density estimation and likelihood-free inference},
  author={Papamakarios, George},
  journal={arXiv preprint arXiv:1910.13233},
  year={2019}
}

@article{pchelintsev2022regularity,
  title={On regularity of weighted Sobolev homeomorphisms},
  author={Pchelintsev, Valerii and Ukhlov, Alexander},
  journal={arXiv preprint arXiv:2207.07541},
  year={2022}
}

@book{peddie2023history,
  title={The History of the GPU-New Developments},
  author={Peddie, Jon},
  year={2023},
  publisher={Springer Nature}
}


@incollection{pichler2013numerical,
  title={Numerical solution of the Fokker--Planck equation by finite difference and finite element methodsâ€”a comparative study},
  author={Pichler, Lukas and Masud, Arif and Bergman, Lawrence A},
  booktitle={Computational Methods in Stochastic Dynamics},
  pages={69--85},
  year={2013},
  publisher={Springer}
}




@article{pinkus1999approximation,
  title={Approximation theory of the MLP model in neural networks},
  author={Pinkus, Allan},
  journal={Acta numerica},
  volume={8},
  pages={143--195},
  year={1999},
  publisher={Cambridge University Press}
}
@article{raghu2016survey,
  title={Survey of expressivity in deep neural networks},
  author={Raghu, Maithra and Poole, Ben and Kleinberg, Jon and Ganguli, Surya and Sohl-Dickstein, Jascha},
  journal={arXiv preprint arXiv:1611.08083},
  year={2016}
}
@inproceedings{raghu2017expressive,
  title={On the expressive power of deep neural networks},
  author={Raghu, Maithra and Poole, Ben and Kleinberg, Jon and Ganguli, Surya and Sohl-Dickstein, Jascha},
  booktitle={international conference on machine learning},
  pages={2847--2854},
  year={2017},
  organization={PMLR}
}

@article{raissi2019physics,
  title={Physics-informed neural networks: A deep learning framework for solving forward and inverse problems involving nonlinear partial differential equations},
  author={Raissi, Maziar and Perdikaris, Paris and Karniadakis, George E},
  journal={Journal of Computational physics},
  volume={378},
  pages={686--707},
  year={2019},
  publisher={Elsevier}
}

@article{ranocha2019mimetic,
  title={Mimetic properties of difference operators: product and chain rules as for functions of bounded variation and entropy stability of second derivatives},
  author={Ranocha, Hendrik},
  journal={BIT Numerical Mathematics},
  volume={59},
  number={2},
  pages={547--563},
  year={2019},
  publisher={Springer}
}
@book{risken1996fokker,
  title={Fokker-planck equation},
  author={Risken, Hannes and Risken, Hannes},
  year={1996},
  publisher={Springer}
}
@inproceedings{schafer2006recurrent,
  title={Recurrent neural networks are universal approximators},
  author={Sch{\"a}fer, Anton Maximilian and Zimmermann, Hans Georg},
  booktitle={Artificial Neural Networks--ICANN 2006: 16th International Conference, Athens, Greece, September 10-14, 2006. Proceedings, Part I 16},
  pages={632--640},
  year={2006},
  organization={Springer}
}
@article{sepehrian2015numerical,
  title={Numerical solution of non-linear Fokker--Planck equation using finite differences method and the cubic spline functions},
  author={Sepehrian, Behnam and Radpoor, Marzieh Karimi},
  journal={Applied mathematics and computation},
  volume={262},
  pages={187--190},
  year={2015},
  publisher={Elsevier}
}

@article{sherstinsky2020fundamentals,
  title={Fundamentals of recurrent neural network (RNN) and long short-term memory (LSTM) network},
  author={Sherstinsky, Alex},
  journal={Physica D: Nonlinear Phenomena},
  volume={404},
  pages={132306},
  year={2020},
  publisher={Elsevier}
}
@article{sirignano2018dgm,
  title={DGM: A deep learning algorithm for solving partial differential equations},
  author={Sirignano, Justin and Spiliopoulos, Konstantinos},
  journal={Journal of computational physics},
  volume={375},
  pages={1339--1364},
  year={2018},
  publisher={Elsevier}
}



@article{strauss2017hitch,
  title={A hitch-hikerâ€™s guide to stochastic differential equations},
  author={Strauss, R and Effenberger, Frederic},
  journal={Space Science Reviews},
  volume={212},
  number={1},
  pages={151--192},
  year={2017},
  publisher={Springer}
}


@article{sun2014numerical,
  title={Numerical solution of high dimensional stationary Fokker--Planck equations via tensor decomposition and Chebyshev spectral differentiation},
  author={Sun, Yifei and Kumar, Mrinal},
  journal={Computers \& Mathematics with Applications},
  volume={67},
  number={10},
  pages={1960--1977},
  year={2014},
  publisher={Elsevier}
}


@article{thomas1999deterministic,
  title={Deterministic chaos seen in terms of feedback circuits: Analysis, synthesis," labyrinth chaos"},
  author={Thomas, Ren{\'e}},
  journal={International Journal of Bifurcation and Chaos},
  volume={9},
  number={10},
  pages={1889--1905},
  year={1999},
  publisher={World Scientific}
}

@book{torchinsky1986real,
  title={Real-variable methods in harmonic analysis},
  author={Torchinsky, Alberto},
  year={1986},
  publisher={Academic Press}
}

@article{uria2013rnade,
  title={RNADE: The real-valued neural autoregressive density-estimator},
  author={Uria, Benigno and Murray, Iain and Larochelle, Hugo},
  journal={Advances in Neural Information Processing Systems},
  volume={26},
  year={2013}
}

@article{vasicek1977equilibrium,
  title={An equilibrium characterization of the term structure},
  author={Vasicek, Oldrich},
  journal={Journal of financial economics},
  volume={5},
  number={2},
  pages={177--188},
  year={1977},
  publisher={Elsevier}
}
@article{vennerod2021long,
  title={Long short-term memory RNN},
  author={Venner{\o}d, Christian Bakke and Kj{\ae}rran, Adrian and Bugge, Erling Stray},
  journal={arXiv preprint arXiv:2105.06756},
  year={2021}
}
@article{whitney1970finite,
  title={Finite difference methods for the Fokker-Planck equation},
  author={Whitney, James C},
  journal={Journal of Computational Physics},
  volume={6},
  number={3},
  pages={483--509},
  year={1970},
  publisher={Elsevier}
}

@article{xu2020solving,
  title={Solving Fokker-Planck equation using deep learning},
  author={Xu, Yong and Zhang, Hao and Li, Yongge and Zhou, Kuang and Liu, Qi and Kurths, J{\"u}rgen},
  journal={Chaos: An Interdisciplinary Journal of Nonlinear Science},
  volume={30},
  number={1},
  pages={013133},
  year={2020},
  publisher={AIP Publishing LLC}
}


@article{yeong2020particle,
  title={Particle filters with nudging in multiscale chaotic systems: With application to the Lorenzâ€™96 atmospheric model},
  author={Yeong, Hoong C and Beeson, Ryne T and Namachchivaya, N and Perkowski, Nicolas},
  journal={Journal of Nonlinear Science},
  volume={30},
  number={4},
  pages={1519--1552},
  year={2020},
  publisher={Springer}
}


@inproceedings{zhai2022deep,
  title={A deep learning method for solving Fokker-Planck equations},
  author={Zhai, Jiayu and Dobson, Matthew and Li, Yao},
  booktitle={Mathematical and Scientific Machine Learning},
  pages={568--597},
  year={2022},
  organization={PMLR}
}
